<?xml version='1.0' encoding='UTF-8'?>
<record xmlns="http://www.loc.gov/MARC21/slim">
  <leader>01256cam a2200253 a 4500</leader>
  <controlfield tag="001">3793900</controlfield>
  <controlfield tag="003">NjP</controlfield>
  <controlfield tag="005">20180228181449.0</controlfield>
  <controlfield tag="008">021202q1986    ir       b    000 0 ara d</controlfield>
  <datafield tag="024" ind1="7" ind2=" ">
    <subfield code="a">princeton_aco002623</subfield>
    <subfield code="2">local</subfield>
  </datafield>
  <datafield ind1=" " ind2=" " tag="040">
    <subfield code="a">NjP</subfield>
    <subfield code="c">NjP</subfield>
  </datafield>
  <datafield ind1=" " ind2=" " tag="043">
    <subfield code="a">a-ir---</subfield>
  </datafield>
  <datafield ind1=" " ind2="4" tag="050">
    <subfield code="a">BP80.H345</subfield>
    <subfield code="b">H347 1986</subfield>
  </datafield>
  <datafield ind1="1" ind2=" " tag="100">
    <subfield code="a">Ḥāʼirī Yazdī, Murtaz̤á.</subfield>
  </datafield>
  <datafield ind1="1" ind2="0" tag="245">
    <subfield code="a">Wālidī Āyat Allāh al-ʻUẓmá al-Shaykh ʻAbd al-Karīm al-Ḥāʼirī wa-qiṣaṣ ʻajabīyah min dhikrayāt muntakhibah /</subfield>
    <subfield code="c">taʼlīf Murtaḍá al-Ḥāʼirī ; tarjamah wa-iʻdād wa-taḥqīq Ḥasan al-Khumāysī.</subfield>
  </datafield>
  <datafield ind1="1" ind2="4" tag="246">
    <subfield code="a">Wālidī Āyat Allāh al-ʻUẓmá al-Shaykh ʻAbd al-Karīm al-Ḥāʼirī wa-qiṣaṣ ʻajabīyah ukhrá</subfield>
  </datafield>
  <datafield ind1="1" ind2="8" tag="246">
    <subfield code="a">Wālidī wa-qiṣaṣ ʻajabīyah ukhrá</subfield>
  </datafield>
  <datafield ind1=" " ind2=" " tag="260">
    <subfield code="a">[Iran] :</subfield>
    <subfield code="b">Dār al-Bashāʼir,</subfield>
    <subfield code="c">1986?]</subfield>
  </datafield>
  <datafield ind1=" " ind2=" " tag="300">
    <subfield code="a">215 p. ;</subfield>
    <subfield code="c">24 cm.</subfield>
  </datafield>
  <datafield ind1=" " ind2=" " tag="500">
    <subfield code="a">Preface dated: 1406 [1986]</subfield>
  </datafield>
  <datafield ind1=" " ind2=" " tag="504">
    <subfield code="a">Includes bibliographical references.</subfield>
  </datafield>
  <datafield ind1="1" ind2="0" tag="600">
    <subfield code="a">Ḥāʼirī al-Yazdī, ʻAbd al-Karim,</subfield>
    <subfield code="d">1859 or 1860-1936 or 1937.</subfield>
    <subfield code="0">http://id.loc.gov/authorities/names/no2003114241</subfield>
  </datafield>
  <datafield ind1=" " ind2="0" tag="650">
    <subfield code="a">Shiites</subfield>
    <subfield code="z">Iran</subfield>
    <subfield code="v">Biography.</subfield>
    <subfield code="0">http://id.loc.gov/authorities/subjects/sh2010112015</subfield>
  </datafield>
  <datafield ind1="1" ind2=" " tag="700">
    <subfield code="a">Khumāysī, Ḥasan.</subfield>
  </datafield>
  <datafield ind1=" " ind2=" " tag="904">
    <subfield code="a">kc</subfield>
    <subfield code="b">a</subfield>
    <subfield code="h">n</subfield>
    <subfield code="c">b</subfield>
    <subfield code="e">20021202</subfield>
  </datafield>
  <datafield ind1=" " ind2=" " tag="902">
    <subfield code="a">kc</subfield>
    <subfield code="b">o</subfield>
    <subfield code="6">a</subfield>
    <subfield code="7">m</subfield>
    <subfield code="d">v</subfield>
    <subfield code="f">1</subfield>
    <subfield code="e">20050215</subfield>
  </datafield>
  <datafield ind1="0" ind2=" " tag="852">
    <subfield code="0">4099970</subfield>
    <subfield code="b">rcppa</subfield>
    <subfield code="h">BP80.H345</subfield>
    <subfield code="i">H347 1986</subfield>
    <subfield code="x">tr fr arab</subfield>
  </datafield>
  <datafield ind1=" " ind2=" " tag="959">
    <subfield code="a">2002-12-02 11:29:43 -0500</subfield>
  </datafield>
</record>
